@article{abeele-2008,
  author={K. {Van den Abeele} and C. Lacor and Z. J. Wang},
  title={On the stability and accuracy of the spectral difference method},
  journal={Journal of Scientific Computing},
  volume={37},
  pages={162-188},
  year={2008}
}
